<?xml version="1.0" encoding="UTF-8"?><collection xmlns="http://www.loc.gov/MARC21/slim"><record><leader>00499nam--2200133-i-4500</leader><controlfield tag="001">000015894</controlfield><controlfield tag="002">20161230</controlfield><controlfield tag="005">20161230201031</controlfield><controlfield tag="008">060222s1000------------r-----000-0-eng-d</controlfield><datafield ind1=" " ind2=" " tag="080"><subfield code="a">699.887(043)</subfield></datafield><datafield ind1=" " ind2=" " tag="100"><subfield code="a">Bairrao,Rogerio</subfield></datafield><datafield ind1=" " ind2=" " tag="245"><subfield code="a">Modele de comportement a la ruine des structu res constituees de poutres en beton arme prise en compte des phenomenes d endommagement et de plasticite.these</subfield></datafield><datafield ind1=" " ind2=" " tag="260"><subfield code="a">Saclay, Institut National Des Sciences Et Tech Niques Nucleaires, 1986. 211 P</subfield></datafield><datafield ind1=" " ind2=" " tag="852"><subfield code="a">74041</subfield></datafield></record></collection>